@Article{Einstein,
  author =       "Albert Einstein",
  title =        "{Zur Elektrodynamik bewegter K{\"o}rper}. ({German})
                 [{On} the electrodynamics of moving bodies]",
  journal =      "Annalen der Physik",
  volume =       "322",
  number =       "10",
  pages =        "891--921",
  year =         "1905",
  DOI =          "http://dx.doi.org/10.1002/andp.19053221004"
} 
@inproceedings{gomez2019mineria,
  title={Miner{\'\i}a de texto y aprendizaje autom{\'a}tico para identificar prioridades de desarrollo sostenible},
  author={G{\'o}mez, Nidia Isabel Molina and Rodr{\'\i}guez, Camilo Andr{\'e}s and L{\'o}pez, P Amparo and Ar{\'e}valo, Jos{\'e} Luis D{\'\i}az},
  booktitle={2019 Congreso Colombiano y Conferencia Internacional de Calidad de Aire y Salud P{\'u}blica (CASP)},
  pages={1--5},
  year={2019},
  organization={IEEE}
}

@inproceedings{rodriguez2019modelo,
  title={Modelo de innovaci{\'o}n abierta e inteligencia artificial responsable: pragmatismo, deliberaci{\'o}n y responsabilidad {\'e}tica.},
  author={Rodr{\'\i}guez, Antonio Luis Terrones},
  booktitle={[2019-MADRID] Congreso Internacional de Tecnolog{\'\i}a, Ciencia y Sociedad},
  year={2019}
}
@inproceedings{villagra2019hacia,
  title={Hacia ciudades mas eficientes y sostenibles},
  author={Villagra, Andrea and Errecalde, Marcelo Luis and Pandolfi, Daniel and Molina, Daniel and Varas, V and Orozco, Sergio and Vald{\'e}z, Jorge and Rasjido, Jos{\'e} and Mercado, Viviana and Carballo, L and others},
  booktitle={XXI Workshop de Investigadores en Ciencias de la Computaci{\'o}n (WICC 2019, Universidad Nacional de San Juan).},
  year={2019}
}
@article{pinillos2019pasado,
  title={Pasado, presente y futuro de los objetivos del desarrollo sostenible (ODS). La tecnolog{\'\i}a como catalizador (o inhibidor) de la Agenda 2030},
  author={Pinillos, Alberto Andreu and Fern{\'a}ndez-Fern{\'a}ndez, Jos{\'e}-Luis and Mateo, Joaqu{\'\i}n Fern{\'a}ndez},
  journal={Revista Icade. Revista de las Facultades de Derecho y Ciencias Econ{\'o}micas y Empresariales},
  number={108},
  year={2019}
}
@article{almeida2019robots,
  title={Robots, inteligencia artificial y realidad virtual: una aproximaci{\'o}n en el sector del turismo},
  author={Almeida, Mar{\'\i}a del Mar Alonso},
  journal={Cuadernos de Turismo},
  number={44},
  pages={13--26},
  year={2019}
}
@article{arroyave2019inteligencia,
  title={Inteligencia artificial: de cara al logro de los ODS},
  author={Arroyave, M{\'o}nica Mar{\'\i}a V{\'a}squez},
  journal={Revista Universidad EAFIT},
  volume={54},
  number={173},
  pages={76--81},
  year={2019},
  publisher={UNIVERSIDAD EAFIT}
}
@article{vila2007monografia,
  title={Monograf{\'\i}a: T{\'e}cnicas de la Inteligencia Artificial aplicadas a la educaci{\'o}n},
  author={Vila, Eduardo M S{\'a}nchez and Pen{\'\i}n, Manuel Lama},
  journal={Inteligencia Artificial. Revista Iberoamericana de Inteligencia Artificial},
  volume={11},
  number={33},
  pages={7--12},
  year={2007},
  publisher={Asociaci{\'o}n Espa{\~n}ola para la Inteligencia Artificial}
}
@article{perezimpacto,
  title={Impacto de la inteligencia artificial en las empresas con un enfoque global},
  author={P{\'e}rez Le{\'o}n, Erika Vanessa and Rojas Arevalo, Diana Ivonne},
  publisher={Universidad Peruana de Ciencias Aplicadas (UPC)}
}
@article{alava2016aplicacion,
  title={APLICACI{\'O}N DE LAS REDES INTELIGENTES PARA EL AUMENTO DE LA EFICIENCIA ENERG{\'E}TICA EN LAS REDES EL{\'E}CTRICAS},
  author={Alava, Lenin Agust{\'\i}n Cuenca},
  journal={Revista de Investigaciones en Energ{\'\i}a, Medio Ambiente y Tecnolog{\'\i}a: RIEMAT ISSN: 2588-0721},
  volume={1},
  number={1},
  pages={49--53},
  year={2016}
}
@mastersthesis{coronel2017monitoreo,
  title={Monitoreo de la red el{\'e}ctrica del Laboratorio de M{\'a}quinas de la Facultad de Inform{\'a}tica y Electr{\'o}nica aplicando inteligencia artificial.},
  author={Coronel Basurto, Boris Miguel},
  type={{B.S.} thesis},
  year={2017},
  school={Escuela Superior Polit{\'e}cnica de Chimborazo}
}
@article{mejia2019control,
  title={Control de Velocidad de un autom{\'o}vil empleando una t{\'e}cnica de Inteligencia Artificial},
  author={Mejia, Fernando and Arellano, Alberto and Vallejo, Geovanny and Villa, Eduardo},
  journal={Infociencia},
  volume={10},
  number={1},
  pages={11--17},
  year={2019}
}
@mastersthesis{de2014brazo,
  title={Brazo robot, para el reconocimiento y manipulaci{\'o}n de objetos, controlado mediante inteligencia artificial, como complemento de tecnolog{\'\i}a rob{\'o}tica en la carrera de Electr{\'o}nica y Telecomunicaciones de la Universidad Estatal Pen{\'\i}nsula de Santa Elena a{\~n}o 2014.},
  author={De La Rosa Mejill{\'o}n, Nelson},
  type={{B.S.} thesis},
  year={2014},
  school={La Libertad: Universidad Estatal Pen{\'\i}nsula de Santa Elena, 2014.}
}
@mastersthesis{delgado2007sistema,
  title={Sistema para pronosticar el comportamiento de construcci{\'o}n de viviendas en el pa{\'\i}s a trav{\'e}s del tiempo aplicando t{\'e}cnicas de inteligencia artificial},
  author={Delgado Loyola, Juan Carlos},
  type={{B.S.} thesis},
  year={2007},
  school={QUITO/EPN/2007}
}
@article{rodriguez2018deliberacion,
  title={Deliberaci{\'o}n, responsabilidad y prudencia: fundamentos para construir una {\'e}tica aplicada a la inteligencia artificial},
  author={Rodr{\'\i}guez, Antonio Luis Terrones},
  journal={Estudios},
  number={36},
  pages={349--364},
  year={2018}
}
@mastersthesis{cayambe2016inteligencia,
  title={Inteligencia artificial aplicada a robot asistencial para la interacci{\'o}n con ni{\~n}os en edad temprana.},
  author={Cayambe Yambay, Diana Isabel and Casta{\~n}eda Chate, Juan Andr{\'e}s},
  type={{B.S.} thesis},
  year={2016},
  school={Escuela Superior Polit{\'e}cnica de Chimborazo}
}
@article{ramirez2018estudio,
  title={Estudio de aplicabilidad de t{\'e}cnicas de inteligencia artificial en el sector agropecuario},
  author={Ram{\'\i}rez Morales, Iv{\'a}n},
  year={2018}
}
@article{ledo2019inteligencia,
  title={Inteligencia artificial en la docencia m{\'e}dica},
  author={Ledo, Mar{\'\i}a Josefina Vidal and Gonz{\'a}lez, Alejandro Madruga and Santiago, Damian Valdes},
  journal={Educaci{\'o}n M{\'e}dica Superior},
  volume={33},
  number={3},
  year={2019}
}